<record><leader>00000cas a22000007a 4500</leader><controlfield tag="001">10716455</controlfield><controlfield tag="008">840510c19799999mtuwr ne      0   a0eng d</controlfield><datafield ind1=" " ind2=" " tag="010"><subfield code="a">sn 84036064 </subfield></datafield><datafield ind1=" " ind2=" " tag="040"><subfield code="a">MTL</subfield><subfield code="b">eng</subfield><subfield code="c">MTL</subfield><subfield code="d">NSD</subfield><subfield code="d">OCLCQ</subfield></datafield><datafield ind1=" " ind2=" " tag="012"><subfield code="m">1</subfield></datafield><datafield ind1="1" ind2=" " tag="022"><subfield code="a">0746-5343</subfield><subfield code="l">0746-5343</subfield><subfield code="2">1</subfield></datafield><datafield ind1=" " ind2=" " tag="032"><subfield code="a">471130</subfield><subfield code="b">USPS</subfield></datafield><datafield ind1=" " ind2=" " tag="042"><subfield code="a">msc</subfield><subfield code="a">nsdp</subfield></datafield><datafield ind1="0" ind2=" " tag="130"><subfield code="a">Belt Valley times (Belt, Mont. : 1979)</subfield></datafield><datafield ind1=" " ind2="0" tag="222"><subfield code="a">Belt Valley times</subfield><subfield code="b">(Belt, Mont. 1979)</subfield></datafield><datafield ind1="1" ind2="0" tag="245"><subfield code="a">Belt Valley times.</subfield></datafield><datafield ind1=" " ind2=" " tag="260"><subfield code="a">Belt, Mont. :</subfield><subfield code="b">D.B. &amp; J.A. Brown,</subfield><subfield code="c">1979-</subfield></datafield><datafield ind1=" " ind2=" " tag="300"><subfield code="a">v. :</subfield><subfield code="b">ill. ;</subfield><subfield code="c">42 cm.</subfield></datafield><datafield ind1=" " ind2=" " tag="310"><subfield code="a">Weekly</subfield></datafield><datafield ind1="0" ind2=" " tag="362"><subfield code="a">Vol. 84, no. 26 (Jan. 4, 1979)-</subfield></datafield><datafield ind1=" " ind2=" " tag="500"><subfield code="a">"Official newspaper of Belt, Monarch &amp; Neihart."</subfield></datafield><datafield ind1=" " ind2=" " tag="530"><subfield code="a">Available on microfilm from Montana Historical Society.</subfield></datafield><datafield ind1=" " ind2=" " tag="752"><subfield code="a">United States</subfield><subfield code="b">Montana</subfield><subfield code="c">Cascade</subfield><subfield code="d">Belt.</subfield></datafield><datafield ind1="0" ind2="7" tag="780"><subfield code="t">Press-times (Stanford, Mont.)</subfield><subfield code="w">(DLC)sn 84036062</subfield></datafield><datafield ind1=" " ind2=" " tag="936"><subfield code="a">Oct. 27, 1983</subfield></datafield><datafield ind1="1" ind2=" " tag="029"><subfield code="a">AU@</subfield><subfield code="b">000025808863</subfield></datafield></record>